@book{Dix04,
	author = {Dix, Alan and Finlay, Janet E. and Abowd, Gregory D. and Beale, Russell},
	title = {Human-Computer Interaction},
	edition = {3.},
	publisher = {Pearson Education Limited},
	address = {Essex, England},
	year = {2004},
	note = {ISBN 0-13-046109-1}
}

@ONLINE{EastZhouEtAl,
	author = {Zhou, Xinyu and Yao, Cong and Wen, He and Wang, Yuzhi and Zhou, Shuchang and He, Weiran and Liang, Jiajun},
	title = {EAST: An Efficient and Accurate Scene Text Detector},
	year = {2017},
	url = {https://arxiv.org/pdf/1704.03155.pdf},
	note = {Last accessed 14 September 2021}
}
@ONLINE{CraftBaekEtAl,
	author = {Baek, Youngmin and Lee, Bado and Han, Dongyoon and Yun, Sangdoo and Lee, Hwalsuk},
	title = {Character Region Awareness for Text Detection},
	year = {2019},
	url = {https://arxiv.org/pdf/1904.01941.pdf},
	note = {Last accessed 14 September 2021}
}

@ONLINE{LongEtAl,
  	author = {Long, Shangbang and He, Xin and Yao, Cong},
  	title = {Scene Text Detection and Recognition: The Deep Learning Era},
  	year = {2020},
  	url = {https://arxiv.org/pdf/1811.04256.pdf},
  	note = {Last accessed 7 September 2021}
}

@ONLINE{NaturalScene,
	author = {Mancas-Thillou, CÃ©line and Gosselin, Bernard},
	title = {Natural Scene Text Understanding},
	year = {2007},
	url = {https://pdfs.semanticscholar.org/c6de/0b0485e4ebc6df300669969ed743b86b511e.pdf?_ga=2.82453078.1125900540.1632067547-1687845596.1632067547},
	note = {Last accessed 20 September 2021}
}

@ONLINE{Stanford09,
	author = {Surname, First Name},
	title = {This is a test entry of type {@ONLINE}},
	month = jun,
	year = {2009},
	url = {http://today.slac.stanford.edu/images/2009/colloquium-web-collide.jpg},
	note = {Last accessed 16 July 2013}
}

@misc{Iso9241-11,
	author = {{DIN EN ISO 9241-11}}, 
	type = {Norm},
	number = {DIN EN ISO 9241-11},
	month = {},
	year = {1998},
	title = {Ergonomic requirements for office work with visual display terminals - Part 11: Guidance on usability}
}

# alternative for online resource 
@misc{Patterson2013,
	author = {Patterson, Dave},
	title = {Dave Patterson's Writing Advice},
	year = {2013},
	url = {http://www.cs.berkeley.edu/~pattrsn/talks/writingtips.html},
	note = {Last accessed 16 July 2013}
}


@misc{Hall,
	author = {Hall, Shane},
	title = {How to Cite Page Numbers in APA Format},
	year = {2013},
	url = {http://www.ehow.com/how_5689799_cite-numbers-apa-format.html},
	note = {Last accessed 16 July 2013}
}

@article{Baddeley:1974ts,
	author = {Baddeley, Alan D and Hitch, Graham},
	title = {{Working memory}},
	journal = {Psychology of learning and motivation},
	publisher = {Academic Press},
	year = {1974},
	pages = {47--89}
}




